<?xml version="1.0" encoding="UTF-8"?><collection xmlns="http://www.loc.gov/MARC21/slim"><record><leader>00428nam--2200121-i-4500</leader><controlfield tag="001">000031886</controlfield><controlfield tag="002">20161230</controlfield><controlfield tag="005">20161230201038</controlfield><controlfield tag="008">060222s1000------------r-----000-0-eng-d</controlfield><datafield ind1=" " ind2=" " tag="080"><subfield code="a">016(061.62:430.1):061.62(430.1):533.9(430.1)</subfield></datafield><datafield ind1=" " ind2=" " tag="245"><subfield code="a">Max-planck-institut fur plasmaphysik. quarterly title list of reports etc.for the period ending june 1975</subfield></datafield><datafield ind1=" " ind2=" " tag="260"><subfield code="a">Munchen, Max-planck-institut Fur Plasmaphysik, 1973, 50p</subfield></datafield><datafield ind1=" " ind2=" " tag="852"><subfield code="a">D.1266</subfield></datafield></record></collection>